<?xml version="1.0" encoding="UTF-8"?><collection xmlns="http://www.loc.gov/MARC21/slim"><record><leader>00411nam--2200133-i-4500</leader><controlfield tag="001">000005182</controlfield><controlfield tag="002">20161230</controlfield><controlfield tag="005">20161230201026</controlfield><controlfield tag="008">060222s1000------------r-----000-0-eng-d</controlfield><datafield ind1=" " ind2=" " tag="100"><subfield code="a">Battiau, L.Et Houziaux, L</subfield></datafield><datafield ind1=" " ind2=" " tag="245"><subfield code="a">Diffusion de la lumiere par des particules speriques d indice de refraction m = 1,33</subfield></datafield><datafield ind1=" " ind2=" " tag="260"><subfield code="a">Bruxelles, Palais Des Academies, 1958 33 P</subfield></datafield><datafield ind1=" " ind2=" " tag="490"><subfield code="a">Memoires, Xiv, Fasc.4</subfield></datafield><datafield ind1=" " ind2=" " tag="852"><subfield code="a">15771</subfield></datafield></record></collection>